@article{moghadasCOVID,
  title={Projecting hospital utilization during the
  {COVID}-19 outbreaks in the {U}nited {S}tates},
  author={Moghadas, Seyed M and Shoukat, Affan and
  Fitzpatrick, Meagan C and Wells, Chad R and Sah,
  Pratha and Pandey, Abhishek and Sachs, Jeffrey D
  and Wang, Zheng, and Meyers, Laura A and Singer,
  Burton H and Galvani, Alison P},
  journal={Proceedings of the National Academy of
  Sciences},
  volume={117},
  number={16},
  pages={9122--9126},
  year={2020}
}

@article{wangFluBehavior,
  title={Modeling adaptive behavior in influenza transmission},
  author={Wang, W},
  journal={Mathematical Modeling of Natural Phenomena},
  volume={7},
  number={3},
  pages={253--262},
  year={2012}
}

@INCOLLECTION{Liu:West:comb:2001,
  author = {Liu, J. and West, M.},
  title = {Combined parameter and state estimation in simulation-based filtering},
  booktitle = {Sequential Monte Carlo Methods in Practice},
  publisher = {Springer-Verlag},
  year = {2001},
  editor = {Doucet, A. and De Freitas, J. F. G. and Gordon, N. J.},
  pages = {197--217},
  address = {New York}
}

@MANUAL{smcUtils,
  title = {smcUtils: Utility functions for sequential Monte Carlo},
  author = {Author: Jarad Niemi},
  year = {2012},
  note = {{R} package version 0.2.2},
  url = {https://github.com/jarad/smcUtils}
}

@article{Mizumoto:2020,
  title={Estimating the asymptomatic proportion of coronavirus disease 2019 ({COVID}-19) cases on board the {D}iamond {P}rincess cruise ship, {Y}okohama, {J}apan, 2020},
  author={Mizumoto, K. and Kagaya, K. and Zarebski, A. and Chowell, G.},
  journal={Eurosurveillance},
  volume={25},
  number={10},
  pages={2000180},
  year={2020}
}

@article{WHO:COVID:2020,
  title={Report of the {WHO}-{C}hina {J}oint {M}ission on coronavirus disease 2019 ({COVID}-19). 2020},
  subtitle={Significant account of fatality rates and comorbidities in reports from China related to {COVID}-19 infection.},
  author={WHO},
  year={2020}
}

@article{Poljak:2020,
  title={Clinical evaluation of the cobas {SARS-CoV}-2 test and a diagnostic platform switch during 48 hours in the midst of the {COVID}-19 pandemic},
  author={Poljak, M. and Korva, M. and Gasper, N. K. and Komlos, K. F. and Sagadin, M. and Ursic, T. and Zupanc, T. A. and Petrovec, M.},
  journal={Journal of Clinical Microbiology},
  volume={58},
  number={6},
  year={2020}
}

@article{Degli-Angeli:2020,
  title={Validation and verification of the {A}bbott {R}eal{T}ime {SARS-CoV}-2 assay analytical and clinical performance},
  author={Degli-Angeli, E. and Dragavon, J. and Huang, M. and Lucic, D. and Cloherty, G. and Jerome, K. R. and Greninger, A. L. and Coombs, R. W.},
  journal={Journal of Clinical Virology},
  pages={104474},
  year={2020}
}

@article{Hogan:2020,
  title={Comparison of the {P}anther {F}usion and a laboratory-developed test targeting the envelope gene for detection of {SARS-CoV}-2},
  author={Hogan, C. A. and Sahoo, M. K. and Huang, C. and Garamani, N. and Stevens, B. and Zehnder, J. and Pinsky, B. A.},
  journal={Journal of Clinical Virology},
  pages={104383},
  year={2020}
}

@article{Zhen:2020,
  title={Clinical evaluation of three sample-to-answer platforms for detection of {SARS-CoV}-2},
  author={Zhen, W. and Smith. E and Manji, R. and Schron, D. and Berry, G.},
  journal={Journal of Clinical Microbiology},
  volume={58},
  number={8},
  year={2020}
}

@article{Petrilli:2020,
  title={Factors associated with hospitalization and critical illness among 4,103 patients with {COVID}-19 disease in {N}ew {Y}ork {C}ity},
  author={Petrilli, C. M. and Jones, S. A. and Yang, J. and Rajagopalan, H. and O'Donnell, L. F. and Chernyak, Y. and Tobin, K. and Cerfolio, R. J. and Francois, F. and Horwitz, L. I.},
  journal={MedRxiv},
  year={2020}
}

@article{Garg:2020,
  title={Hospitalization rates and characteristics of patients hospitalized with laboratory-confirmed coronavirus disease 2019--{COVID-NET}, 14 {S}tates, {M}arch 1-30, 2020},
  author={Garg, S.},
  journal={MMWR. Morbidity and mortality weekly report},
  volume={69},
  year={2020}
}

@article{Beigel:2020,
  title={Remdesivir for the treatment of {C}ovid-19--preliminary report},
  author={Beigel, J. H. and Tomashek, K. M. and Dodd, L. E. and Mehta, A. K. and Zingman, B. S. and Kalil, A. C. and Hohmann, E. and Chu, H. Y. and Luetkemeyer, A. and Kline, S. and Lopez de Castilla, D.},
  journal={New England Journal of Medicine},
  year={2020}
}

@article{Richardson:2020,
  title={Presenting characteristics, comorbidities, and outcomes among 5700 patients hospitalized with {COVID}-19 in the {N}ew {Y}ork {C}ity area},
  author={Richardson, S. and Hirsch, J. S. and Narasimhan, M. and Crawford, J. M. and McGinn, T. and Davidson, K. W. and Barnaby, D. P. and Becker, L. B. and Chelico, J. D and Cohen, S. L. and Cookingham, J.},
  journal={Jama},
  year={2020}
}

@article{ICNARC:2020,
  title={{ICNARC} report on {COVID}-19 in critical care},
  author={ICNARC},
  year={2020}
}

@article{Argenziano:2020,
  title={Characterization and clinical course of 1000 patients with coronavirus disease 2019 in {N}ew {Y}ork: retrospective case series},
  author={Argenziano, M. G. and Bruce, S. L. and Slater, C. L. and Tiao, J. R. and Baldwin, M. R. and Barr, R. G. and Chang, B. P. and Chau, K. H. and Choi, J. J. and Gavin, N. and Goyal, P.},
  journal={bmj},
  volume={369},
  year={2020}
}

@article{Sheinson:2014,
  title={Comparison of the performance of particle filter algorithms applied to tracking of a disease epidemic},
  author={Sheinson, D. M. and Niemi, J. and Meiring, W.},
  journal={Mathematical Biosciences},
  volume={255},
  pages={21--32},
  year={2014}
}
